<record><leader>00000cas a22000007a 4500</leader><controlfield tag="001">33527236</controlfield><controlfield tag="008">951118d19821987inuwr ne      0    0eng d</controlfield><controlfield tag="009">5452</controlfield><datafield ind1=" " ind2=" " tag="010"><subfield code="a">sn 95067525 </subfield></datafield><datafield ind1=" " ind2=" " tag="040"><subfield code="a">NPI</subfield><subfield code="b">eng</subfield><subfield code="c">NPI</subfield></datafield><datafield ind1=" " ind2=" " tag="042"><subfield code="a">msc</subfield></datafield><datafield ind1="0" ind2=" " tag="130"><subfield code="a">Oak Hill times (Swayzee, Ind.)</subfield></datafield><datafield ind1="0" ind2="0" tag="245"><subfield code="a">Oak Hill times.</subfield></datafield><datafield ind1=" " ind2=" " tag="260"><subfield code="a">Swayzee, Ind. :</subfield><subfield code="b">Oak Hill Times,</subfield><subfield code="c">1982-1987.</subfield></datafield><datafield ind1=" " ind2=" " tag="300"><subfield code="a">6 v. :</subfield><subfield code="b">ill.</subfield></datafield><datafield ind1=" " ind2=" " tag="310"><subfield code="a">Weekly</subfield></datafield><datafield ind1="0" ind2=" " tag="362"><subfield code="a">Vol. 4, no. 6 (Apr. 1, 1982)-v. 100 [i.e. 10], no. 18 (Apr. 30, 1987).</subfield></datafield><datafield ind1=" " ind2=" " tag="515"><subfield code="a">Issues for Apr. 23, 1987-Apr. 30, 1987 called v. 100, but constitute v. 10.</subfield></datafield><datafield ind1=" " ind2=" " tag="752"><subfield code="a">United States</subfield><subfield code="b">Indiana</subfield><subfield code="c">Grant</subfield><subfield code="d">Swayzee.</subfield></datafield><datafield ind1="0" ind2="0" tag="780"><subfield code="t">Oak Hill times-review</subfield><subfield code="w">(DLC)sn 95067524</subfield></datafield><datafield ind1="0" ind2="0" tag="785"><subfield code="t">Tri-county voice</subfield><subfield code="w">(DLC)sn 95067526</subfield></datafield></record>